@article{sunshine1977source,
  title={Source routing in computer networks},
  author={Sunshine, Carl A},
  journal={ACM SIGCOMM Computer Communication Review},
  volume={7},
  number={1},
  pages={29--33},
  year={1977},
  publisher={ACM}
}

@article{fleischner1991x,
  title={X. 1 Algorithms for Eulerian Trails},
  author={Fleischner, H},
  journal={Eulerian Graphs and Related Topics: Part 1 (Annals of Discrete Mathematics)},
  volume={2},
  number={50},
  pages={1--13},
  year={1991}
}

@inproceedings{guo2015pingmesh,
  title={Pingmesh: A large-scale system for data center network latency measurement and analysis},
  author={Guo, Chuanxiong and Yuan, Lihua and Xiang, Dong and Dang, Yingnong and Huang, Ray and Maltz, Dave and Liu, Zhaoyi and Wang, Vin and Pang, Bin and Chen, Hua and others},
  booktitle={ACM SIGCOMM Computer Communication Review},
  volume={45},
  number={4},
  pages={139--152},
  year={2015},
  organization={ACM}
}

@article{streiffer2017deepconfig,
  title={DeepConfig: Automating Data Center Network Topologies Management with Machine Learning},
  author={Streiffer, Christopher and Chen, Huan and Benson, Theophilus and Kadav, Asim},
  journal={arXiv preprint arXiv:1712.03890},
  year={2017}
}

@article{mestres2017knowledge,
  title={Knowledge-defined networking},
  author={Mestres, Albert and Rodriguez-Natal, Alberto and Carner, Josep and Barlet-Ros, Pere and Alarc{\'o}n, Eduard and Sol{\'e}, Marc and Munt{\'e}s-Mulero, Victor and Meyer, David and Barkai, Sharon and Hibbett, Mike J and others},
  journal={ACM SIGCOMM Computer Communication Review},
  volume={47},
  number={3},
  pages={2--10},
  year={2017},
  publisher={ACM}
}

@inproceedings{kim2015band,
  title={In-band network telemetry via programmable dataplanes},
  author={Kim, Changhoon and Sivaraman, Anirudh and Katta, Naga and Bas, Antonin and Dixit, Advait and Wobker, Lawrence J},
  booktitle={ACM SIGCOMM Symposium on SDN Research (SOSR)},
  year={2015}
}

@inproceedings{van2017towards,
  title={Towards ONOS-based SDN monitoring using in-band network telemetry},
  author={Van Tu, Nguyen and Hyun, Jonghwan and Hong, James Won-Ki},
  booktitle={Network Operations and Management Symposium (APNOMS), 2017 19th Asia-Pacific},
  pages={76--81},
  year={2017},
  organization={IEEE}
}

@misc{deepinsight,
  title = {Barefoot Deep Insight},
  howpublished = "\url{https://barefootnetworks.com/products/brief-deep-insight/}",
  year={2017}
}


@techreport{case1990simple,
  title={Simple network management protocol (SNMP)},
  author={Case, Jeffrey D and Fedor, Mark and Schoffstall, Martin L and Davin, James},
  year={1990}
}

@book{cormen2009introduction,
  title={Introduction to algorithms},
  author={Cormen, Thomas H and Leiserson, Charles E and Rivest, Ronald L and Stein, Clifford},
  year={2009},
  publisher={MIT press}
}

@misc{git,
  title = {INT-path Repository},
  howpublished = "\url{https://github.com/graytower/INT\_PATH}", 
  year={2018},
}

@misc{bmv2,
  title = {P4 Switch Behavioral Model},
  howpublished = "\url{https://github.com/p4lang/behavioral-model}", 
  year={2018}
}


@inproceedings{lantz2010network,
  title={A network in a laptop: rapid prototyping for software-defined networks},
  author={Lantz, Bob and Heller, Brandon and McKeown, Nick},
  booktitle={Proceedings of the 9th ACM SIGCOMM Workshop on Hot Topics in Networks},
  pages={19},
  year={2010},
  organization={ACM}
}

@article{thorup1999undirected,
  title={Undirected single-source shortest paths with positive integer weights in linear time},
  author={Thorup, Mikkel},
  journal={Journal of the ACM (JACM)},
  volume={46},
  number={3},
  pages={362--394},
  year={1999},
  publisher={ACM}
}

@article{hierholzer1873moglichkeit,
  title={{\"U}ber die M{\"o}glichkeit, einen Linienzug ohne Wiederholung und ohne Unterbrechung zu umfahren},
  author={Hierholzer, Carl and Wiener, Chr},
  journal={Mathematische Annalen},
  volume={6},
  number={1},
  pages={30--32},
  year={1873},
  publisher={Springer}
}

@article{fleury1883deux,
  title={Deux problemes de geometrie de situation},
  author={Fleury, M},
  journal={Journal de mathematiques elementaires},
  volume={2},
  number={2},
  pages={257--261},
  year={1883}
}

@article{bosshart2014p4,
  title={P4: Programming protocol-independent packet processors},
  author={Bosshart, Pat and Daly, Dan and Gibb, Glen and Izzard, Martin and McKeown, Nick and Rexford, Jennifer and Schlesinger, Cole and Talayco, Dan and Vahdat, Amin and Varghese, George and others},
  journal={ACM SIGCOMM Computer Communication Review},
  volume={44},
  number={3},
  pages={87--95},
  year={2014},
  publisher={ACM}
}

@misc{int,
  title = {In-band Network Telemetry (INT) - P4.org},
  howpublished = "\url{https://p4.org/assets/INT-current-spec.pdf}",
  year={2018}
}

@book{bondy1976graph,
  title={Graph theory with applications},
  author={Bondy, John Adrian and Murty, Uppaluri Siva Ramachandra and others},
  volume={290},
  year={1976},
  publisher={Citeseer}
}